% Doc type :
% article
% book
% conference
% manual
% masterthesis
% phdthesis
% proceedings
% techreport
% unpublished

% OPTIONAL FIELDS
% journal = "",
% volume = "",
% number = "",
% pages =  "",
% month =  "",
% note =  "",

@article{rtsyshierarchicalsched,
    author = "Alastair Reid, Kirk Webb, Michael Parker and Jay Lepreau",
    title = "Evolving real-time systems using hierarchical scheduling and concurrency analysis",
    editor = "University of Utah",
    year = "2003"
}

@article{methodhierarchical,
    author = "Giuseppe Lipari, Enrico Bini",
    title = "A methodology for designing hierarchical scheduling systems",
    organization = "Scuola Superiore Sant'Anna, Pisa",
    year = "2003"
}

@article{virtrtconstraints,
    author = "Tommaso Cucinotta, Gaetano Anastasi, Luca Abeni",
    title = "Respecting temporal constraints in virtualised services",
    editor = "Scuola Superior Sant'Anna, Pisa, University of Trento, Italy",
    year = "2009"
}

@article{imasched,
    author = "Ahmad Al Sheikh, Olivier Brun, Pierre-Emmanuel Hladik",
    title = "Partition Scheduling on an IMA platform with Strict Periodicity and Communication Delay",
    editor = "RTNS 2010",
    school = "CNRS \& Toulouse University",
    year = "2010"
}

@article{schedcond,
        author = "Mohamed Marouf, Yves Sorel",
        title = "Schedulability conditions for non-preemptive hard real-time tasks with strict period",
        editor = "INRIA, Université de Nice Sophia-Antipolis",
        year = "2010"
}

@PROCEEDINGS{sk_def,
  author = "John Rushby",
  title = "The Design and Verification of Secure Systems",
  booktitle = "Eighth ACM Symposium on Operating System Principles",
  pages = "12-21",
  year = "1981",
}

@CONFERENCE{sstic2006diode,
title = "Symposium pour la sécurité des technologies de l'information et de la communication",
year = 2006,
}


@ARTICLE{cachalgo,
author = "Wikipedia",
title = "Cache algorithms",
year = 2010,
}

@ARTICLE{plru,
author = "Wikipedia",
title = "Pseudo Least Recently Usedalgorithm",
year = 2009,
}

@MANUAL{e300rm,
author = "Freeescale",
title = "e300 Power Architecture core familly reference manual",
year = 2007,
}

@PHDTHESIS{thsoc,
author = "Pascal Gomez",
title = "Outils pour le déploiement d'applications avec des contraintes temps réel sur des multiprocesseurs sur puces",
school = "Université Paris VI",
year = 2006,
}

@PROCEEDINGS{prrtns2009,
title = "Real-Time and Network Systems (RTNS)",
year = 2009,
}

@ARTICLE{smmu,
title = "Studying the applicability of the Scratchpad Memory Management Unit",
year = 2010,
author = "Jack Witham and Neil Audsley",
}

@ARTICLE{scratchaa,
title = "Cache-aware scratchpad allocation algorithms for energy-constrainted embedded systems",
author = "Manish Verma",
year = 2006,
}

@ARTICLE{datacachewc,
title = "Investigating average versus worst-case timing behavior of data caches and data scratchpads",
author = "Jack Witham and Neil Audsley",
year = 2010,
}
