@inproceedings{etfa13,
	Author = {Thierry, Philippe and George, Laurent and Lacroix, Jean-Marc},
	organization={IEEE},
        booktitle = {Proceedings of the 18th International Conference on Emerging Technologies \& Factory Automation},
	Title = {A framework for a secure embedded filtering connector for multi-criticality systronic systems},
	Year = {2013},
        Month = {September},
        address = {Cagliari, Italy},

}

@inproceedings{santy2012relaxing,
  title={Relaxing mixed-criticality scheduling strictness for task sets scheduled with FP},
  author={Santy, Fran{\c{c}}ois and George, Laurent and Thierry, Philippe and Goossens, Jo{\"e}l},
  booktitle={24th Euromicro Conference on Real-Time Systems (ECRTS)},
  pages={155--165},
  year={2012},
  month = {July},
  address = {Pisa, Italy},
  organization={IEEE}
}

% journal={eraerts},
@inproceedings{thierry2011real,
  title={Real-time scheduling analysis for ARINC-based virtualized systems},
  author={Thierry, Philippe and George, Laurent and Hermant, Jean-Fran\c{c}ois},
  booktitle={10th Workshop on Models and Algorithms for Planning and Scheduling Problems},
  pages={106},
  year={2011},
  month={June},
  address={Nymburk, Czech Republic},
  url = {http://kam.mff.cuni.cz/~mapsp/}
}

@inproceedings{thierry2011toward,
  title={Toward a predictable and secure data cache algorithm: a cross-layer approach},
  author={Thierry, Philippe and George, Laurent and Hermant, J and Germain, Fabien and Ragot, Dominique and Lacroix, J},
  booktitle={10th International Symposium on Programming and Systems (ISPS)},
  pages={148--155},
  year={2011},
  month = {April},
  address = {Algiers, Algeria},
  organization={IEEE}
}
