% Doc type :
% article
% book
% conference
% manual
% masterthesis
% phdthesis
% proceeding
% techreport
% unpublished

% OPTIONAL FIELDS
% journal = "",
% volume = "",
% number = "",
% pages =  "",
% month =  "",
% note =  "",

@CONFERENCE{sstic2006diode,
title = "Symposium pour la sécurité des technologies de l'information et de la communication",
year = 2006,
}


@ARTICLE{cachalgo,
author = "Wikipedia",
title = "Cache algorithms",
year = 2010,
}

@ARTICLE{plru,
author = "Wikipedia",
title = "Pseudo Least Recently Usedalgorithm",
year = 2009,
}

@MANUAL{e300rm,
author = "Freeescale",
title = "e300 Power Architecture core familly reference manual",
year = 2007,
}

@PHDTHESIS{thsoc,
author = "Pascal Gomez",
title = "Outils pour le déploiement d'applications avec des contraintes temps réel sur des multiprocesseurs sur puces",
school = "Université Paris VI",
year = 2006,
}

@PROCEEDINGS{prrtns2009,
title = "Real-Time and Network Systems (RTNS)",
year = 2009,
}

@ARTICLE{smmu,
title = "Studying the applicability of the Scratchpad Memory Management Unit",
year = 2010,
author = "Jack Witham and Neil Audsley",
}

@ARTICLE{scratchaa,
title = "Cache-aware scratchpad allocation algorithms for energy-constrainted embedded systems",
author = "Manish Verma",
year = 2006,
}

@ARTICLE{datacachewc,
title = "Investigating average versus worst-case timing behavior of data caches and data scratchpads",
author = "Jack Witham and Neil Audsley",
year = 2010,
}
